@misc{DeepYouTube,
  author = {Covington, Paul and Adams, Jay and Sargin, Emre},
  title = {Deep Neural Networks for YouTube Recommendations},
  howpublished = {Available online: \url{https://doi.org/10.1145/2959100.2959190}}
}

@misc{YouTubeSystem,
  author = {Davidson, James and Liebald, Benjamin and Liu, Junning and Nandy, Palash and Van Vleet, Taylor and Gargi, Umesh and Gupta, Shumeet and He, Yandong and Lambert, Michael and Livingston, Blake and Sampath, Deokhwan},
  title = {The YouTube Video Recommendation System},
  howpublished = {Available online: \url{https://doi.org/10.1145/1864708.1864770}}
}

@misc{MultiViewDL,
  author = {Elkahky, Ali Mamdouh and Song, Yang and He, Xiaodong},
  title = {A Multi-View Deep Learning Approach for Cross Domain User Modeling in Recommendation Systems},
  howpublished = {Available online: \url{https://doi.org/10.1145/2736277.2741667}}
}

@misc{WSABIE,
  author = {Weston, Jason and Bengio, Samy and Usunier, Nicolas},
  title = {WSABIE: Scaling up to Large Vocabulary Image Annotation},
  howpublished = {Available online: \url{https://www.ijcai.org/Proceedings/11/Papers/415.pdf}}
}

@misc{BuildingRecommender,
  author = {Amatriain, Xavier},
  title = {Building Industrial-Scale Real-World Recommender Systems},
  howpublished = {Available online: \url{https://doi.org/10.1145/2365952.2365959}}
}

@misc{AutoRec,
  author = {Sedhain, Suvash and Menon, Aditya Krishna and Sanner, Scott and Xie, Lexing},
  title = {AutoRec: Autoencoders Meet Collaborative Filtering},
  howpublished = {Available online: \url{https://doi.org/10.1145/2740908.2742726}}
}

@misc{CollaborativeDL,
  author = {Wang, Hao and Wang, Naiyan and Yeung, Dit-Yan},
  title = {Collaborative Deep Learning for Recommender Systems},
  howpublished = {Available online: \url{https://doi.org/10.1145/2783258.2783273}}
}

@misc{ImplicitFeedback,
  author = {Oard, Douglas W. and Kim, Jinmook},
  title = {Implicit Feedback for Recommender Systems},
  howpublished = {Available online: \url{https://www.aaai.org/Papers/Workshops/1998/WS-98-08/WS98-08-018.pdf}}
}

@misc{PredictingClicks,
  author = {He, Xinran and Pan, Jiaqi and Jin, Ouyang and Xu, Tao and Liu, Bo and Xu, Tao and Shi, Yong and Atallah, Abdo and Herbrich, Ralf and Bowers, Steve and Candela, Joaquin Quinonero},
  title = {Practical Lessons from Predicting Clicks on Ads at Facebook},
  howpublished = {Available online: \url{https://doi.org/10.1145/2648584.2648589}}
}

@misc{BeyondClicks,
  author = {Yi, Xin and Hong, Lijun and Zhong, Edwin and Liu, Nick N. and Rajan, Satinder},
  title = {Beyond Clicks: Dwell Time for Personalization},
  howpublished = {Available online: \url{https://doi.org/10.1145/2645710.2645740}}
}

@misc{DistributedReps,
  author = {Mikolov, Tomas and Sutskever, Ilya and Chen, Kai and Corrado, Greg S. and Dean, Jeffrey},
  title = {Distributed Representations of Words and Phrases and Their Compositionality},
  howpublished = {Available online: \url{https://papers.nips.cc/paper/2013/file/9aa42b31882ec0396f4b05c6ab7a62e4-Paper.pdf}}
}

@misc{UserModelingNN,
  author = {Tang, Duyu and Qin, Bing and Liu, Ting and Yang, Yongdong},
  title = {User Modeling with Neural Network for Review Rating Prediction},
  howpublished = {Available online: \url{https://www.ijcai.org/Proceedings/15/Papers/469.pdf}}
}